<?xml version="1.0" encoding="UTF-8"?>
<record xmlns="http://www.loc.gov/MARC21/slim">
   <leader>01068cam a2200241 a 4500</leader>
   <controlfield tag="001">610751</controlfield>
   <controlfield tag="003">NjP</controlfield>
   <controlfield tag="005">20171018101730.0</controlfield>
   <controlfield tag="008">901108s1927    mr            00010 ara d</controlfield>
   <datafield tag="024" ind1="7" ind2=" ">
      <subfield code="a">princeton_aco003920</subfield>
      <subfield code="2">local</subfield>
   </datafield>
   <datafield ind1=" " ind2=" " tag="035">
      <subfield code="a">(OCoLC)77752536</subfield>
   </datafield>
   <datafield ind1=" " ind2=" " tag="035">
      <subfield code="a">(CStRLIN)NJPG90-B50482</subfield>
   </datafield>
   <datafield ind1=" " ind2=" " tag="035">
      <subfield code="9">ACU6861TS</subfield>
   </datafield>
   <datafield ind1=" " ind2=" " tag="040">
      <subfield code="a">NjP</subfield>
      <subfield code="c">NjP</subfield>
   </datafield>
   <datafield ind1=" " ind2=" " tag="043">
      <subfield code="a">ma-----</subfield>
   </datafield>
   <datafield ind1="1" ind2=" " tag="100">
      <subfield code="a">Balghaythī, Aḥmad bin al-Maʼmūn,</subfield>
      <subfield code="d">-1929 or 1930.</subfield>
      <subfield code="0">http://id.loc.gov/authorities/names/nr90024207</subfield>
   </datafield>
   <datafield ind1="1" ind2="3" tag="245">
      <subfield code="a">al-Niḥlah al-mawhūbah al-najāzīyah fī al-riḥlah al-maymūnah al-ḥijāzīyah /</subfield>
      <subfield code="c">Aḥmad bin al-Maʼmūn al-Ḥasanī al-ʻAlawī al-Balghaythī.</subfield>
   </datafield>
   <datafield ind1=" " ind2=" " tag="250">
      <subfield code="a">al-Ṭabʻah 1.</subfield>
   </datafield>
   <datafield ind1=" " ind2=" " tag="260">
      <subfield code="a">Fās :</subfield>
      <subfield code="b">al-Maṭbaʻah al-Jadīdah,</subfield>
      <subfield code="c">1346 [1927 or 1928]</subfield>
   </datafield>
   <datafield ind1=" " ind2=" " tag="300">
      <subfield code="a">36 p. ;</subfield>
      <subfield code="c">22 cm.</subfield>
   </datafield>
   <datafield ind1="1" ind2="0" tag="600">
      <subfield code="a">Balghaythī, Aḥmad bin al-Maʼmūn,</subfield>
      <subfield code="d">-1929 or 1930</subfield>
      <subfield code="x">Travel</subfield>
      <subfield code="z">Arab countries</subfield>
      <subfield code="x">Poetry.</subfield>
   </datafield>
   <datafield ind1=" " ind2="0" tag="651">
      <subfield code="a">Arab countries</subfield>
      <subfield code="x">Description and travel.</subfield>
      <subfield code="0">http://id.loc.gov/authorities/subjects/sh2008114207</subfield>
   </datafield>
   <datafield ind1=" " ind2=" " tag="998">
      <subfield code="a">11/08/90</subfield>
      <subfield code="s">9114</subfield>
      <subfield code="n">NjP</subfield>
      <subfield code="w">NJPG90B50482</subfield>
      <subfield code="d">11/08/90</subfield>
      <subfield code="c">JEB</subfield>
      <subfield code="b">JEB</subfield>
      <subfield code="i">901108</subfield>
      <subfield code="l">NJPG</subfield>
   </datafield>
   <datafield ind1=" " ind2=" " tag="911">
      <subfield code="a">19921028</subfield>
   </datafield>
   <datafield ind1=" " ind2=" " tag="912">
      <subfield code="a">19910104000000.0</subfield>
   </datafield>
   <datafield ind1="0" ind2="0" tag="852">
      <subfield code="0">669599</subfield>
      <subfield code="b">rcppa</subfield>
      <subfield code="t">1</subfield>
      <subfield code="h">DS36.65</subfield>
      <subfield code="i">.B34</subfield>
      <subfield code="x">tr fr arab</subfield>
   </datafield>
   <datafield ind1=" " ind2=" " tag="959">
      <subfield code="a">2000-06-13 00:00:00 -0400</subfield>
   </datafield>
</record>
